@INPROCEEDINGS{Rayson00comparingcorpora,
    author = {Paul Rayson and Roger Garside},
    title = {Comparing Corpora using Frequency Profiling},
    booktitle = {In proceedings of the workshop on Comparing
    Corpora, held in conjunction ACL 2000. October
    2000, Hong Kong},
    year = {2000},
    pages = {1--6}
}
