
@inproceedings{VanGompel10,
	Address = {Morristown, NJ, USA},
	Author = {M. {Van Gompel}},
	Booktitle = {SemEval '10: Proceedings of the 5th International Workshop on Semantic Evaluation},
	Date-Modified = {2011-02-01 22:27:37 +0100},
	Keywords = {ilk, vici, dutchsemcor, wsd, semeval, cross-lingual, word sense disambiguation},
	Location = {Los Angeles, California},
	Pages = {238--241},
	Publisher = {Association for Computational Linguistics},
	Title = {UvT-WSD1: A cross-lingual word sense disambiguation system},
	Year = {2010}}

@inproceedings{CarpuatWu05,
 author = {Carpuat, Marine and Wu, Dekai},
 title = {Word sense disambiguation vs. statistical machine translation},
 booktitle = {Proceedings of the 43rd Annual Meeting on Association for Computational Linguistics},
 series = {ACL '05},
 year = {2005},
 location = {Ann Arbor, Michigan},
 pages = {387--394},
 numpages = {8},
 url = {http://dx.doi.org/10.3115/1219840.1219888},
 doi = {10.3115/1219840.1219888},
 acmid = {1219888},
 publisher = {Association for Computational Linguistics},
 address = {Stroudsburg, PA, USA},
} 

@INPROCEEDINGS{CarpuatWu07,
    author = {M. Carpuat and D. Wu},
    title = {Improving statistical machine translation using word sense disambiguation},
    booktitle = {In The 2007 Joint Conference on Empirical Methods in Natural
      Language Processing and Computational Natural Language Learning
        (EMNLP-CoNLL 2007)},
    year = {2007},
    pages = {61--72}
}

@inproceedings{Lefever2013,
		Author = {E. Lefever and V. Hoste},
		Title = {{SemEval-2013 Task 10}: {Cross-Lingual Word Sense Disambiguation}},
		Booktitle = {Proceedings of the 7th International Workshop on Semantic Evaluation ({SemEval} 2013), in conjunction with the Second Joint Conference on Lexical and Computational Semantics},
		Location = {Atlanta, USA},
		Year = {2013}}	

@techreport{GIZA,
	Author = {Och, F.J. and Ney, H.},
	Date-Added = {2009-11-15 10:15:45 +0100},
	Date-Modified = {2009-11-15 10:16:00 +0100},
	Institution = {RWTH Aachen, University of Technology},
	Title = {Giza++: Training of statistical translation models},
	Year = {2000}}

@inproceedings{MOSES,
	Address = {Prague, Czech Republic},
	Author = {P. Koehn and H. Hoang and A. Birch and C. Callison-Burch and M. Federico and N. Bertoldi and B. Cowan and W. Shen and C. Moran and R. Zens and C. Dyer and O. Bojar and A. Constantin and E. Herbst},
	Booktitle = {Proceedings of the 45th Annual Meeting of the Association for Computational Linguistics Companion Volume Proceedings of the Demo and Poster Sessions},
	Month = {June},
	Pages = {177--180},
	Publisher = {Association for Computational Linguistics},
	Title = {Moses: Open Source Toolkit for Statistical Machine Translation},
	Url = {http://www.aclweb.org/anthology/P/P07/P07-2045},
	Year = {2007},
	Bdsk-Url-1 = {http://www.aclweb.org/anthology/P/P07/P07-2045}}

@inproceedings{WSD2,
    Author = {M. van Gompel},
    Title = {{WSD2}: Parameter optimisation for Memory-based
      Cross-Lingual Word-Sense Disambiguation},
	Booktitle = {Proceedings of the 7th International Workshop on Semantic Evaluation ({SemEval} 2013), in conjunction with the Second Joint Conference on Lexical and Computational Semantics},
    Location = {Atlanta, USA},
    Year = {2013}}
